<?xml version="1.0" encoding="UTF-8"?><record xmlns="http://www.loc.gov/MARC21/slim" xmlns:cinclude="http://apache.org/cocoon/include/1.0" xmlns:zs="http://www.loc.gov/zing/srw/">
  <leader>00815nz  a2200217n  4500</leader>
  <controlfield tag="001">no2013096366</controlfield>
  <controlfield tag="003">DLC</controlfield>
  <controlfield tag="005">20130907073535.0</controlfield>
  <controlfield tag="008">130906n| azannaabn          |a aaa     c</controlfield>
  <datafield tag="010" ind1=" " ind2=" ">
    <subfield code="a">no2013096366</subfield>
  </datafield>
  <datafield tag="035" ind1=" " ind2=" ">
    <subfield code="a">(OCoLC)oca09561503</subfield>
  </datafield>
  <datafield tag="040" ind1=" " ind2=" ">
    <subfield code="a">IeDuTC</subfield>
    <subfield code="b">eng</subfield>
    <subfield code="e">rda</subfield>
    <subfield code="c">IeDuTC</subfield>
  </datafield>
  <datafield tag="046" ind1=" " ind2=" ">
    <subfield code="s">20</subfield>
  </datafield>
  <datafield tag="100" ind1="1" ind2=" ">
    <subfield code="a">McNally, Bridget</subfield>
  </datafield>
  <datafield tag="370" ind1=" " ind2=" ">
    <subfield code="c">Ireland</subfield>
  </datafield>
  <datafield tag="373" ind1=" " ind2=" ">
    <subfield code="a">National University of Ireland, Maynooth</subfield>
    <subfield code="2">naf</subfield>
  </datafield>
  <datafield tag="375" ind1=" " ind2=" ">
    <subfield code="a">female</subfield>
  </datafield>
  <datafield tag="377" ind1=" " ind2=" ">
    <subfield code="a">eng</subfield>
  </datafield>
  <datafield tag="400" ind1="1" ind2=" ">
    <subfield code="a">Mc Nally, Bridget</subfield>
  </datafield>
  <datafield tag="670" ind1=" " ind2=" ">
    <subfield code="a">The role of costs in Irish pension fund performance, 2013 :</subfield>
    <subfield code="b">t.p. (Bridget Mc Nally, Bridget McNally) cover (Bridget McNally, Department of Economics, Finance &amp; Accounting, National University of Ireland, Maynooth)</subfield>
  </datafield>
  <datafield tag="670" ind1=" " ind2=" ">
    <subfield code="a">NUIM website, 12 Aug. 2013 :</subfield>
    <subfield code="b">(Bridget McNally)</subfield>
    <subfield code="u">http://economics.nuim.ie/staff/dr-bridget-mcnally</subfield>
  </datafield>
</record>